<?xml version="1.0" encoding="UTF-8"?><collection xmlns="http://www.loc.gov/MARC21/slim"><record><leader>00421nam--2200181-u-4500</leader><controlfield tag="001">000051375</controlfield><controlfield tag="002">20161230</controlfield><controlfield tag="005">20161230201049</controlfield><controlfield tag="008">080708s1000------------r-----000-0-eng-d</controlfield><datafield ind1=" " ind2=" " tag="040"><subfield code="a">IFIN-HH</subfield></datafield><datafield ind1=" " ind2=" " tag="080"><subfield code="a">517.518.45</subfield></datafield><datafield ind1="1" ind2=" " tag="100"><subfield code="a">Edvards,R</subfield></datafield><datafield ind1="1" ind2="0" tag="245"><subfield code="a">Ryady Fure v sovremennom izlozhenii</subfield></datafield><datafield ind1=" " ind2=" " tag="260"><subfield code="a">Moskva</subfield><subfield code="b">Mir</subfield><subfield code="c">1985</subfield></datafield><datafield ind1=" " ind2=" " tag="300"><subfield code="a">264 p</subfield></datafield><datafield ind1=" " ind2=" " tag="490"><subfield code="a">Tom 1</subfield></datafield><datafield ind1=" " ind2=" " tag="852"><subfield code="a">73629</subfield><subfield code="c">517</subfield></datafield><datafield ind1=" " ind2=" " tag="CAT"><subfield code="a">Sys</subfield><subfield code="c">20080708</subfield><subfield code="h">080233</subfield></datafield></record></collection>